@article{blackholes,
      author="Rabbert Klein",
      title="Black Holes and Their Relation to Hiding Eggs",
      journal="Theoretical Easter Physics",
      publisher="Eggs Ltd.",
      year="2010",
      note="(to appear)"
}


@book{pythonmachinelearning,
   author="Sebastian Raschka",
   title="Python Machine Learning Essentials",
   year="2015",
   publisher="Packt Publishing"
}


@book{bowles,
  author="Michael Bowles",
  title="Machine Learning in Python: Essential Techniques for Predictive Analysis",
  year="2015",
  publisher="Wiley"
}


@book{downey,
 author="Allen Downey",
 title="Think Stats",
 year="2014",
 publisher="O'Reilly Media"
}





@article{MShS:47,
author = {Makowsky, Johann A. and Shelah, Saharon and Stavi, Jonathan},
ams-subject = {(02B20)},
journal = {Annals of Mathematical Logic},
review = {MR 56:15362},
pages = {155--192},
title = {{$\Delta$-logics and generalized quantifiers}},
volume = {10},
year = {1976},
}





@misc{seerwebsite,
  author={{National Cancer Institute, the Surveillance, Epidemiology, and End Results Program}},
  title={{About the SEER Program - SEER}},
  howpublished={\url{http://seer.cancer.gov/about}},
  year="2016 (accessed 14 Jan 2016)",
},



@misc{cam,
  author={{Cam Davidson-Pilon}},
  title={{Quickstart -- lifelines 0.8.0.1 documentation}},
  howpublished={\url{http://lifelines.readthedocs.org/en/latest/Quickstart.html}},
  year="2016 (accessed 14 Jan 2016)",
}


@misc{kuhn,
 author={{Ben Kuhn}},
 title={{Decision trees for survival analysis}},
 howpublished={\url{{http://www.benkuhn.net/survival-trees}},
 year="2016 (accessed 14 Jan 2016)",
}




@misc{seerdoc,
  author={{National Cancer Institute, the Surveillance, Epidemiology, and End Results Program}},
  title={{Documentation for ASCII Text Data Files - SEER Datasets}},
  howpublished={\url{http://seer.cancer.gov/data/documentation.html}},
  year="2016 (accessed 15 Jan 2016)",
}


@misc{census,
 author="United States Census Bureau",
 title="2010 FIPS Code Files for Counties - Geography - U.S. Census Bureau",
 howpublished={\url{https://www.census.gov/geo/reference/codes/cou.html}},
 year="2016 (accessed 18 Jan 2016)",
}

@misc{geocode,
 author="Google Developers",
 title="The Google Maps Geocoding API | Google Maps Geocoding API | Google Developers",
 howpublished={\url{https://developers.google.com/maps/documentation/geocoding/intro}},
 year="2016 (accessed 18 Jan 2016)",
}

@misc{elevation,
 author="Google Developers",
 title="The Google Maps Elevation API | Google Maps Elevation API | Google Developers",
 howpublished={\url{https://developers.google.com/maps/documentation/elevation/intro?hl=en}},
 year="2016 (accessed 18 Jan 2016)",
}


@misc{supp,
 author="IOBS",
 title="Supplemental Material | PAPERDATA",
 year="2016 (accessed 18 Jan 2016",
 howpublished={\url{https://github.com/doolingdavid/PAPERDATA.git}},
}

